@Article{sample_reference,
  author = 		 {A. Student},
  title = 		 {Some equations of the zeroth degree},
  journal = 	 {Journal of mathematical tautologies},
  year = 		 {1234},
  OPTkey = 		 {},
  OPTvolume = 	 {},
  OPTnumber = 	 {},
  OPTpages = 	 {},
  OPTmonth = 	 {},
  OPTnote = 	 {},
  OPTannote = 	 {}
}

